<record xmlns="http://www.loc.gov/MARC21/slim" xmlns:xsi="http://www.w3.org/2001/XMLSchema-instance" xsi:schemaLocation="http://www.loc.gov/MARC21/slim http://www.loc.gov/standards/marcxml/schema/MARC21slim.xsd"><leader>02456nam a2200481   4500</leader><controlfield tag="001">1909423</controlfield><controlfield tag="003">NIC</controlfield><controlfield tag="006">m        d        </controlfield><controlfield tag="007">cr cn |||m|||a</controlfield><controlfield tag="008">150223s1966    iq      obm   000 0bara c</controlfield><datafield ind1=" " ind2=" " tag="040"><subfield code="a">NNU</subfield><subfield code="b">eng</subfield><subfield code="e">rda</subfield><subfield code="c">NNU</subfield></datafield><datafield ind1="0" ind2="4" tag="050"><subfield code="a">PJ6064.A25</subfield><subfield code="b">H3</subfield></datafield><datafield ind1="1" ind2=" " tag="100"><subfield code="6">880-01</subfield><subfield code="a">al-H&#803;adi&#772;thi&#772;, Khadi&#772;jah &#699;Abd al-Razza&#772;q.</subfield></datafield><datafield ind1="1" ind2="0" tag="245"><subfield code="6">880-02</subfield><subfield code="a">Abu&#772; H&#803;ayya&#772;n al-Nah&#803;awi&#772; /</subfield><subfield code="c">[ta&#700;li&#772;f] Khadi&#772;jah al-H&#803;adi&#772;thi&#772;.</subfield></datafield><datafield ind1=" " ind2=" " tag="250"><subfield code="6">880-03</subfield><subfield code="a">[al-T&#803;ab&#699;ah 1].</subfield></datafield><datafield ind1=" " ind2=" " tag="260"><subfield code="6">880-04</subfield><subfield code="a">Baghda&#772;d :</subfield><subfield code="b">Maktabat al-Nahd&#803;ah,</subfield><subfield code="c">[1966]</subfield></datafield><datafield ind1=" " ind2=" " tag="300"><subfield code="a">online resource (699 pages)</subfield></datafield><datafield ind1=" " ind2=" " tag="336"><subfield code="a">text</subfield><subfield code="2">rdacontent</subfield></datafield><datafield ind1=" " ind2=" " tag="337"><subfield code="a">computer</subfield><subfield code="2">rdamedia</subfield></datafield><datafield ind1=" " ind2=" " tag="338"><subfield code="a">online resource</subfield><subfield code="2">rdacarrier</subfield></datafield><datafield ind1="1" ind2=" " tag="490"><subfield code="6">880-05</subfield><subfield code="a">Dira&#772;sa&#772;t Ja&#772;mi&#699;i&#772;yah.</subfield></datafield><datafield ind1=" " ind2=" " tag="500"><subfield code="a">Cover title: Abu Hayyan al-Nahawi, by Khadi&#772;ja al-Hadithi.</subfield></datafield><datafield ind1=" " ind2=" " tag="500"><subfield code="a">Part of the Arabic Collections Online (ACO) project, contributed by Cornell University Libraries.</subfield></datafield><datafield ind1=" " ind2=" " tag="502"><subfield code="a">Risa&#772;lat al-Ductura&#772;h-Ja&#772;mi&#699;at al-Qa&#772;hirah, 1964.</subfield></datafield><datafield ind1=" " ind2=" " tag="504"><subfield code="a">Includes bibliographical references (pages 591-604).</subfield></datafield><datafield ind1=" " ind2=" " tag="533"><subfield code="a">Electronic reproduction.</subfield><subfield code="b">New York, N.Y. :</subfield><subfield code="c">New York University,</subfield><subfield code="d">2015.</subfield><subfield code="5">NNU</subfield></datafield><datafield ind1="0" ind2="0" tag="600"><subfield code="6">880-06</subfield><subfield code="a">Abu&#772; H&#803;ayya&#772;n Muh&#803;ammad ibn Yu&#772;suf,</subfield><subfield code="d">1256-1344.</subfield></datafield><datafield ind1="0" ind2="7" tag="600"><subfield code="a">Abu&#772; H&#803;ayya&#772;n Muh&#803;ammad ibn Yu&#772;suf,</subfield><subfield code="d">1256-1344</subfield><subfield code="2">fast</subfield><subfield code="0">(OCoLC)fst00150356</subfield></datafield><datafield ind1="2" ind2=" " tag="710"><subfield code="a">Cornell University.</subfield><subfield code="b">Libraries.</subfield></datafield><datafield ind1="0" ind2=" " tag="730"><subfield code="a">Arabic Collections Online.</subfield></datafield><datafield ind1="0" ind2="8" tag="776"><subfield code="i">Online version:</subfield><subfield code="a">al-H&#803;adi&#772;thi&#772;, Khadi&#772;jah &#699;Abd al-Razza&#772;q.</subfield><subfield code="t">Abu&#772; H&#803;ayya&#772;n al-Nah&#803;awi&#772;.</subfield><subfield code="b">[al-T&#803;ab&#699;ah 1].</subfield><subfield code="d">Baghda&#772;d, Maktabat al-Nahd&#803;ah [1966]</subfield><subfield code="w">(OCoLC)569017198</subfield></datafield><datafield ind1="0" ind2="8" tag="776"><subfield code="i">Print version:</subfield><subfield code="a">al-H&#803;adi&#772;thi&#772;, Khadi&#772;jah &#699;Abd al-Razza&#772;q.</subfield><subfield code="t">Abu&#772; H&#803;ayya&#772;n al-Nah&#803;awi&#772;</subfield><subfield code="w">(NIC)1909423</subfield><subfield code="w">(DLC)ne 67001387 </subfield><subfield code="w">(OCoLC)8454988</subfield></datafield><datafield ind1=" " ind2="0" tag="830"><subfield code="6">880-07</subfield><subfield code="a">Dira&#772;sa&#772;t Ja&#772;mi&#699;i&#772;yah.</subfield></datafield><datafield ind1="4" ind2="0" tag="856"><subfield code="u">http://hdl.handle.net/2333.1/0rxwddxz</subfield></datafield><datafield ind1="1" ind2=" " tag="880"><subfield code="6">100-01/r</subfield><subfield code="a">&#1581;&#1583;&#1610;&#1579;&#1609;&#1548; &#1582;&#1583;&#1610;&#1580;&#1577; &#1593;&#1576;&#1583; &#1575;&#1604;&#1585;&#1575;&#1586;&#1602;.</subfield></datafield><datafield ind1="1" ind2="0" tag="880"><subfield code="6">245-02/r</subfield><subfield code="a">&#1571;&#1576;&#1608; &#1581;&#1610;&#1575;&#1606; &#1575;&#1604;&#1606;&#1581;&#1608;&#1609; /</subfield><subfield code="c">&#1582;&#1583;&#1610;&#1580;&#1577; &#1575;&#1604;&#1581;&#1583;&#1610;&#1579;&#1609;.</subfield></datafield><datafield ind1=" " ind2=" " tag="880"><subfield code="6">250-03/r</subfield><subfield code="a">[&#1575;&#1604;&#1591;&#1576;&#1593;&#1577; 1].</subfield></datafield><datafield ind1=" " ind2=" " tag="880"><subfield code="6">260-04/r</subfield><subfield code="a">&#1576;&#1594;&#1583;&#1575;&#1583; :</subfield><subfield code="b">&#1605;&#1603;&#1578;&#1576;&#1577; &#1575;&#1604;&#1606;&#1607;&#1590;&#1577;&#1548;</subfield><subfield code="c">&#1633;&#1641;&#1638;&#1638;.</subfield></datafield><datafield ind1="1" ind2=" " tag="880"><subfield code="6">490-05/r</subfield><subfield code="a">&#1583;&#1585;&#1575;&#1587;&#1575;&#1578; &#1580;&#1575;&#1605;&#1593;&#1610;&#1577;</subfield></datafield><datafield ind1="0" ind2="4" tag="880"><subfield code="6">600-06/r</subfield><subfield code="a">&#1575;&#1576;&#1608; &#1581;&#1610;&#1575;&#1606; &#1605;&#1581;&#1605;&#1583; &#1576;&#1606; &#1610;&#1608;&#1587;&#1601;&#1548;</subfield><subfield code="d">1256-1344.</subfield></datafield><datafield ind1=" " ind2="0" tag="880"><subfield code="6">830-07/r</subfield><subfield code="a">&#1583;&#1585;&#1575;&#1587;&#1575;&#1578; &#1580;&#1575;&#1605;&#1593;&#1610;&#1577;.</subfield></datafield><datafield ind1=" " ind2=" " tag="959"><subfield code="a">NNU</subfield><subfield code="b">WEB</subfield><subfield code="c">GENI</subfield><subfield code="t">0</subfield><subfield code="m">Electronic access</subfield><subfield code="s">01</subfield></datafield><datafield ind1=" " ind2=" " tag="999"><subfield code="i">NIC_1909423</subfield><subfield code="o">(OCoLC)ocm08454988</subfield><subfield code="s">cornell_aco000058</subfield></datafield></record>